<?xml version="1.0" encoding="UTF-8"?>
<collection xmlns:xsi="http://www.w3.org/2001/XMLSchema-instance" xsi:schemaLocation="http://www.loc.gov/MARC21/slim http://www.loc.gov/standards/marcxml/schema/MARC21slim.xsd" xmlns="http://www.loc.gov/MARC21/slim">
<record>
  <leader>00951nam a22001811  4500</leader>
  <controlfield tag="001">3080924</controlfield>
  <controlfield tag="003">NNC</controlfield>
  <controlfield tag="005">20030429142358.0</controlfield>
  <controlfield tag="008">010910s1950    ua            000 0 ara d</controlfield>
  <datafield tag="035" ind1=" " ind2=" ">
    <subfield code="a">(OCoLC)ocm47934643</subfield>
  </datafield>
  <datafield tag="035" ind1=" " ind2=" ">
    <subfield code="9">ATQ6105CU</subfield>
  </datafield>
  <datafield tag="040" ind1=" " ind2=" ">
    <subfield code="a">ZCU</subfield>
    <subfield code="c">ZCU</subfield>
  </datafield>
  <datafield tag="099" ind1=" " ind2=" ">
    <subfield code="a">893.792</subfield>
    <subfield code="a">M675</subfield>
  </datafield>
  <datafield tag="100" ind1="1" ind2=" ">
    <subfield code="a">Mīrghanī, Jaʻfar ibn Muḥammad.</subfield>
  </datafield>
  <datafield tag="245" ind1="1" ind2="3">
    <subfield code="a">al-ʻUqūd al-fāʾiqah al-durrīyah fī bathth qiṣṣat al-isrāʾ bi-Sayyid walad ʻAdnān,</subfield>
    <subfield code="c">taʾlīf al-Sayyid Jaʻfar al-Ṣādiq najl al-Sayyid Muḥammad ʻUthman al-Mīrghanī. Wayalīhā: Dīwān Nafaḥāt al-tīb fī madḥ al-Ḥabīb, lil-Sayyid Muḥammad ʻUthmān Tāj-al-Sirr ibn al-Sayyid Muḥammad Sirr-al-Khatm al-Mīrghanī. Wayalīhi: Jumlat qaṣāʾid lil-Sādah al-Mīrghanīyah wa-Khulafāʾihim. Al-tabʻah al-akhīrah.</subfield>
  </datafield>
  <datafield tag="260" ind1=" " ind2=" ">
    <subfield code="a">Miṣr,</subfield>
    <subfield code="b">Maktabat Muṣṭafā al-Bābī al-Halabī,</subfield>
    <subfield code="c">1369 h., 1950 m.</subfield>
  </datafield>
  <datafield tag="300" ind1=" " ind2=" ">
    <subfield code="a">144 p.</subfield>
  </datafield>
  <datafield tag="955" ind1=" " ind2=" ">
    <subfield code="b">CU58898212</subfield>
    <subfield code="d">off,glx</subfield>
    <subfield code="e">893.792 M675</subfield>
  </datafield>
</record>
</collection>